@Article{,
  title = {Welcome to the {tidyverse}},
  author = {Hadley Wickham and Mara Averick and Jennifer Bryan and Winston Chang and Lucy D'Agostino McGowan and Romain François and Garrett Grolemund and Alex Hayes and Lionel Henry and Jim Hester and Max Kuhn and Thomas Lin Pedersen and Evan Miller and Stephan Milton Bache and Kirill Müller and Jeroen Ooms and David Robinson and Dana Paige Seidel and Vitalie Spinu and Kohske Takahashi and Davis Vaughan and Claus Wilke and Kara Woo and Hiroaki Yutani},
  year = {2019},
  journal = {Journal of Open Source Software},
  volume = {4},
  number = {43},
  pages = {1686},
  doi = {10.21105/joss.01686},
}

@Manual{,
  title = {readxl: Read Excel Files},
  author = {Hadley Wickham and Jennifer Bryan},
  year = {2022},
  note = {R package version 1.4.0},
  url = {https://CRAN.R-project.org/package=readxl},
}

@Book{,
  author = {Hadley Wickham},
  title = {ggplot2: Elegant Graphics for Data Analysis},
  publisher = {Springer-Verlag New York},
  year = {2016},
  isbn = {978-3-319-24277-4},
  url = {https://ggplot2.tidyverse.org},
}

@Manual{,
  title = {ggthemes: Extra Themes, Scales and Geoms for 'ggplot2'},
  author = {Jeffrey B. Arnold},
  year = {2021},
  note = {R package version 4.2.4},
  url = {https://CRAN.R-project.org/package=ggthemes},
}

@Book{,
  author = {Carson Sievert},
  title = {Interactive Web-Based Data Visualization with R, plotly, and shiny},
  publisher = {Chapman and Hall/CRC},
  year = {2020},
  isbn = {9781138331457},
  url = {https://plotly-r.com},
}

@Manual{,
  title = {dplyr: A Grammar of Data Manipulation},
  author = {Hadley Wickham and Romain François and Lionel Henry and Kirill Müller},
  year = {2022},
  note = {R package version 1.0.9},
  url = {https://CRAN.R-project.org/package=dplyr},
}

@Article{,
  title = {Dates and Times Made Easy with {lubridate}},
  author = {Garrett Grolemund and Hadley Wickham},
  journal = {Journal of Statistical Software},
  year = {2011},
  volume = {40},
  number = {3},
  pages = {1--25},
  url = {https://www.jstatsoft.org/v40/i03/},
}

@Manual{,
  title = {GGally: Extension to 'ggplot2'},
  author = {Barret Schloerke and Di Cook and Joseph Larmarange and Francois Briatte and Moritz Marbach and Edwin Thoen and Amos Elberg and Jason Crowley},
  year = {2021},
  note = {R package version 2.1.2},
  url = {https://CRAN.R-project.org/package=GGally},
}

@Manual{,
  title = {randomcoloR: Generate Attractive Random Colors},
  author = {Ron Ammar},
  year = {2019},
  note = {R package version 1.1.0.1},
  url = {https://CRAN.R-project.org/package=randomcoloR},
}

@Manual{,
  title = {{forecast}: Forecasting functions for time series and linear models},
  author = {Rob Hyndman and George Athanasopoulos and Christoph Bergmeir and Gabriel Caceres and Leanne Chhay and Mitchell O'Hara-Wild and Fotios Petropoulos and Slava Razbash and Earo Wang and Farah Yasmeen},
  year = {2022},
  note = {R package version 8.16},
  url = {https://pkg.robjhyndman.com/forecast/},
}

@Article{,
  title = {Automatic time series forecasting: the forecast package for {R}},
  author = {Rob J Hyndman and Yeasmin Khandakar},
  journal = {Journal of Statistical Software},
  volume = {26},
  number = {3},
  pages = {1--22},
  year = {2008},
  doi = {10.18637/jss.v027.i03},
}

@Manual{,
  title = {{viridis} - Colorblind-Friendly Color Maps for R},
  author = {{Garnier} and {Simon} and {Ross} and {Noam} and {Rudis} and {Robert} and {Camargo} and Antônio Pedro and {Sciaini} and {Marco} and {Scherer} and {Cédric}},
  year = {2021},
  note = {R package version 0.6.2},
  url = {https://sjmgarnier.github.io/viridis/},
  doi = {10.5281/zenodo.4679424},
  doi = {10.5281/zenodo.4679424},
}

@Manual{,
  title = {dplyr: A Grammar of Data Manipulation},
  author = {Hadley Wickham and Romain François and Lionel Henry and Kirill Müller},
  year = {2022},
  note = {R package version 1.0.9},
  url = {https://CRAN.R-project.org/package=dplyr},
}

@Manual{,
  title = {skimr: Compact and Flexible Summaries of Data},
  author = {Elin Waring and Michael Quinn and Amelia McNamara and Eduardo {Arino de la Rubia} and Hao Zhu and Shannon Ellis},
  year = {2022},
  note = {R package version 2.1.4},
  url = {https://CRAN.R-project.org/package=skimr},
}

@Manual{,
  title = {XML: Tools for Parsing and Generating XML Within R and S-Plus},
  author = {Duncan {Temple Lang}},
  year = {2022},
  note = {R package version 3.99-0.9},
  url = {https://CRAN.R-project.org/package=XML},
}

@Manual{,
  title = {RCurl: General Network (HTTP/FTP/...) Client Interface for R},
  author = {Duncan {Temple Lang}},
  year = {2022},
  note = {R package version 1.98-1.6},
  url = {https://CRAN.R-project.org/package=RCurl},
}

@Manual{,
  title = {rlist: A Toolbox for Non-Tabular Data Manipulation},
  author = {Kun Ren},
  year = {2021},
  note = {R package version 0.4.6.2},
  url = {https://CRAN.R-project.org/package=rlist},
}

@Article{,
  author = {Edzer Pebesma},
  title = {{Simple Features for R: Standardized Support for Spatial Vector Data}},
  year = {2018},
  journal = {{The R Journal}},
  doi = {10.32614/RJ-2018-009},
  url = {https://doi.org/10.32614/RJ-2018-009},
  pages = {439--446},
  volume = {10},
  number = {1},
}

@Manual{,
  title = {rnaturalearth: World Map Data from Natural Earth},
  author = {Andy South},
  year = {2017},
  note = {R package version 0.1.0},
  url = {https://CRAN.R-project.org/package=rnaturalearth},
}

@Manual{,
  title = {rnaturalearthdata: World Vector Map Data from Natural Earth Used in 'rnaturalearth'},
  author = {Andy South},
  year = {2017},
  note = {R package version 0.1.0},
  url = {https://CRAN.R-project.org/package=rnaturalearthdata},
}
